<?xml version="1.0" encoding="UTF-8"?><collection xmlns="http://www.loc.gov/MARC21/slim"><record><leader>00432nam--2200133-i-4500</leader><controlfield tag="001">000041618</controlfield><controlfield tag="002">20161230</controlfield><controlfield tag="005">20161230201043</controlfield><controlfield tag="008">060222s1000------------r-----000-0-eng-d</controlfield><datafield ind1=" " ind2=" " tag="080"><subfield code="a">681.3.06(047.1):539.125.52(047.1)</subfield></datafield><datafield ind1=" " ind2=" " tag="100"><subfield code="a">Siltanen,P</subfield></datafield><datafield ind1=" " ind2=" " tag="245"><subfield code="a">Form, a multigroup code for calculating the fundamental mode flux and current spectra of fast neutrons</subfield></datafield><datafield ind1=" " ind2=" " tag="260"><subfield code="a">Otamiemi, Nucl.Enginering Laboratory, 1973. 53 P</subfield></datafield><datafield ind1=" " ind2=" " tag="852"><subfield code="a">39958</subfield></datafield></record></collection>